@MISC{IEEEtran,
    title        = {ieeetran howto},
    url = {https://ras.papercept.net/conferences/support/files/IEEEtran_HOWTO.pdf},
    note         = {Accessed: 28-08-2019}
}

@MISC{IEEEtranformatexample,
    title        = {Preparation of a Formatted Conference Paper for an IEEE Power \& Energy Society Conference},
    url = {https://www.ieee-pes.org/images/files/pdf/pg4-sample-conference-paper.pdf},
    note         = {Accessed: 28-08-2019}
}
