@MISC{techReport,
    title = "Writing an Engineering technical report",
    howpublished ="\\
    \url{https://www.monash.edu/rlo/assignment-samples/engineering/eng-writing-technical-reports}",
    note="Accessed: 26-08-2019"
}
@MISC{IEEEtran,
    title        = "IEEEtran HOWTO",
    howpublished = "\\
    \url{https://ras.papercept.net/conferences/support/files/IEEEtran_HOWTO.pdf}",
    note         = "Accessed: 28-08-2019"
}